{
  "leader": "05202cam a2200517 a 4500",
  "fields": [
    {
      "001": "ocm10696819\\"
    },
    {
      "003": "OCoLC"
    },
    {
      "005": "20220103100201.0"
    },
    {
      "008": "840322s1985\\\\\\\\nyu\\\\\\\\\\\\b\\\\\\\\001\\0beng\\\\"
    },
    {
      "007": "ta"
    },
    {
      "010": {
        "ind1": "\\",
        "ind2": "\\",
        "subfields": [
          {
            "a": "   84007168 "
          }
        ]
      }
    },
    {
      "040": {
        "ind1": "\\",
        "ind2": "\\",
        "subfields": [
          {
            "a": "DLC"
          },
          {
            "b": "eng"
          },
          {
            "c": "DLC"
          },
          {
            "d": "BAKER"
          },
          {
            "d": "NLGGC"
          },
          {
            "d": "BTCTA"
          },
          {
            "d": "YDXCP"
          },
          {
            "d": "OCLCG"
          },
          {
            "d": "NIALS"
          },
          {
            "d": "GEBAY"
          },
          {
            "d": "BDX"
          },
          {
            "d": "OCLCO"
          },
          {
            "d": "OCLCF"
          },
          {
            "d": "OCLCO"
          },
          {
            "d": "OCLCQ"
          },
          {
            "d": "IOO"
          },
          {
            "d": "DEBBG"
          },
          {
            "d": "SE4M6"
          },
          {
            "d": "OCLCQ"
          },
          {
            "d": "CSO"
          },
          {
            "d": "OCLCQ"
          },
          {
            "d": "OCLCO"
          },
          {
            "d": "LUE"
          },
          {
            "d": "UWO"
          },
          {
            "d": "OCLCA"
          },
          {
            "d": "OCLCQ"
          },
          {
            "d": "UMK"
          },
          {
            "d": "OCLCO"
          },
          {
            "d": "OCL"
          },
          {
            "d": "OCLCA"
          },
          {
            "d": "OCLCQ"
          },
          {
            "d": "OCLCO"
          },
          {
            "d": "OCLCQ"
          }
        ]
      }
    },
    {
      "019": {
        "ind1": "\\",
        "ind2": "\\",
        "subfields": [
          {
            "a": "788043112"
          }
        ]
      }
    },
    {
      "020": {
        "ind1": "\\",
        "ind2": "\\",
        "subfields": [
          {
            "a": "0195035127"
          }
        ]
      }
    },
    {
      "020": {
        "ind1": "\\",
        "ind2": "\\",
        "subfields": [
          {
            "a": "9780195035124"
          }
        ]
      }
    },
    {
      "020": {
        "ind1": "\\",
        "ind2": "\\",
        "subfields": [
          {
            "a": "9786610439195"
          }
        ]
      }
    },
    {
      "020": {
        "ind1": "\\",
        "ind2": "\\",
        "subfields": [
          {
            "a": "6610439192"
          }
        ]
      }
    },
    {
      "035": {
        "ind1": "\\",
        "ind2": "\\",
        "subfields": [
          {
            "a": "(OCoLC)10696819"
          },
          {
            "z": "(OCoLC)788043112"
          }
        ]
      }
    },
    {
      "043": {
        "ind1": "\\",
        "ind2": "\\",
        "subfields": [
          {
            "a": "n-us---"
          }
        ]
      }
    },
    {
      "050": {
        "ind1": "0",
        "ind2": "0",
        "subfields": [
          {
            "a": "BX6495.F68"
          },
          {
            "b": "M54 1985"
          }
        ]
      }
    },
    {
      "082": {
        "ind1": "0",
        "ind2": "0",
        "subfields": [
          {
            "a": "286.10924"
          },
          {
            "b": "MIL"
          }
        ]
      }
    },
    {
      "100": {
        "ind1": "1",
        "ind2": "\\",
        "subfields": [
          {
            "a": "Miller, Robert Moats."
          }
        ]
      }
    },
    {
      "245": {
        "ind1": "1",
        "ind2": "0",
        "subfields": [
          {
            "a": "Harry Emerson Fosdick :"
          },
          {
            "b": "preacher, pastor, prophet /"
          },
          {
            "c": "Robert Moats Miller."
          }
        ]
      }
    },
    {
      "260": {
        "ind1": "\\",
        "ind2": "\\",
        "subfields": [
          {
            "a": "New York :"
          },
          {
            "b": "Oxford University Press,"
          },
          {
            "c": "1985."
          }
        ]
      }
    },
    {
      "300": {
        "ind1": "\\",
        "ind2": "\\",
        "subfields": [
          {
            "a": "xvi, 608 pages ;"
          },
          {
            "c": "25 cm"
          }
        ]
      }
    },
    {
      "336": {
        "ind1": "\\",
        "ind2": "\\",
        "subfields": [
          {
            "a": "text"
          },
          {
            "b": "txt"
          },
          {
            "2": "rdacontent"
          }
        ]
      }
    },
    {
      "337": {
        "ind1": "\\",
        "ind2": "\\",
        "subfields": [
          {
            "a": "unmediated"
          },
          {
            "b": "n"
          },
          {
            "2": "rdamedia"
          }
        ]
      }
    },
    {
      "338": {
        "ind1": "\\",
        "ind2": "\\",
        "subfields": [
          {
            "a": "volume"
          },
          {
            "b": "nc"
          },
          {
            "2": "rdacarrier"
          }
        ]
      }
    },
    {
      "504": {
        "ind1": "\\",
        "ind2": "\\",
        "subfields": [
          {
            "a": "Includes bibliographical references (pages 571-592) and index."
          }
        ]
      }
    },
    {
      "520": {
        "ind1": "\\",
        "ind2": "\\",
        "subfields": [
          {
            "a": "A major figure in American religious and cultural history, Fosdick was famous as a preacher, a pacifist and a champion of civil rights. He was also the author of forty-seven books."
          }
        ]
      }
    },
    {
      "520": {
        "ind1": "1",
        "ind2": "\\",
        "subfields": [
          {
            "a": "\"A brilliant biography of the religious leader whose pulpit was Riverside Church, and whose parish was all America.\"--The Washington Post"
          }
        ]
      }
    },
    {
      "520": {
        "ind1": "1",
        "ind2": "\\",
        "subfields": [
          {
            "a": "\"Miller has ... written a thoughtful biography of a highly influential Protestant leader. He adeptly locates Fosdick within the wider social and cultural history of the period. He has achieved a mastery not only of the historical literature about the era but also of the complex theological literature of Fosdick's day. He ventures sharp judgments and criticisms of Fosdick and his contemporaries, and yet does so with balance and generosity.\"--E. Brooks Holifield, Reviews in American History"
          }
        ]
      }
    },
    {
      "505": {
        "ind1": "0",
        "ind2": "\\",
        "subfields": [
          {
            "a": "Young Harry of Western New York -- Colgate University: Years of Doubt and Decision -- Union Theological Seminary: A Time of Personal Crisis and Ministerial Training -- The Montclair Ministry: Widening Fame in a Patrician Pastorate -- \"The Challenge of the Present Crisis\": The Great Crusade, 1917-1918 -- \"Once It Was Beecher and Brooks, Now It Is Fosdick\": A Baptist Preacher in a New York City Presbyterian Pulpit -- The War Within: The Presbyterian Fundamentalists Drive Fosdick from Their Fold -- The War Within: The Baptist Battle and Mr. Rockefeller's Resolution -- Further Cannonading in the Turbulent Twenties -- \"A Pilgrimage to Palestine\" and the Abrasive Aftermath with American Zionists -- A Church Is Raised on \"The Hill\" -- \"You Are the United Church in Local Guise\": The Riverside Church Fellowship -- \"We Have Maintained the Adoration of God and the Proclamation of the Gospel\": Worship in The Riverside Church -- \"The God That Answereth by Christian Education, by Friendly Fellowship, by Community Service, by Money Given to Good Causes, Here and Around the World, Let Him Be God\": The Riverside Church Enterprise -- \"On Being a Real Person\": A Protestant Preacher as Confessor and Counselor -- \"If Gold Rust, What Then Will Iron Do?\": A Protestant Preacher as Husband, Father, and Friend -- \"Gladly Do We Teach\": Thirty-eight Years as Union Seminary Professor -- \"And How Shall They Hear Without a Preacher?\": The Conceptualization of Preachable Sermons -- \"Sweating Blood\": The Preparation and Presentation of Preachable Sermons -- \"The Dean of All Ministers of the Air\": Radio's \"National Vespers Hour\" Reaches Millions -- \"The Church Must Go Beyond Modernism\": A Faith That Could Not Be Shaken -- The Passing of Victorian America: A Minister's Response to the Disintegration of the Bourgeois Synthesis -- The Passing of Protestant America: A Minister's Response to the Crashing of \"A Righteous Empire\" -- Racial Justice: A Minister's Response to America's Deepest Sin -- Social Justice: An Evolving Social Gospel from the Age of Rauschenbusch to the Age of Niebuhr -- \"Can Satan Cast Out Satan?\": Does Pacifism Have a Place in a World of Hitlers and Stalins? -- \"And the War Came\" and the Wars Continued: A Peacemaker in Wars Hot and Cold, 1941-1969 -- The Decision To Step Down, 1946: Saying Farewell to Riverside and Union -- \"Leisure Is the Time for Doing Something Useful\": A Retirement of Activities and Accomplishment -- \"Awaiting the Day of New Beginnings.\""
          }
        ]
      }
    },
    {
      "600": {
        "ind1": "1",
        "ind2": "0",
        "subfields": [
          {
            "a": "Fosdick, Harry Emerson,"
          },
          {
            "d": "1878-1969."
          }
        ]
      }
    },
    {
      "650": {
        "ind1": "\\",
        "ind2": "0",
        "subfields": [
          {
            "a": "Baptists"
          },
          {
            "z": "United States"
          },
          {
            "x": "Clergy"
          },
          {
            "v": "Biography."
          }
        ]
      }
    },
    {
      "600": {
        "ind1": "1",
        "ind2": "7",
        "subfields": [
          {
            "a": "Fosdick, Harry Emerson,"
          },
          {
            "d": "1878-1969"
          },
          {
            "2": "fast"
          },
          {
            "0": "(OCoLC)fst00037159"
          }
        ]
      }
    },
    {
      "650": {
        "ind1": "\\",
        "ind2": "7",
        "subfields": [
          {
            "a": "Baptists"
          },
          {
            "x": "Clergy."
          },
          {
            "2": "fast"
          },
          {
            "0": "(OCoLC)fst00827290"
          }
        ]
      }
    },
    {
      "651": {
        "ind1": "\\",
        "ind2": "7",
        "subfields": [
          {
            "a": "United States."
          },
          {
            "2": "fast"
          },
          {
            "0": "(OCoLC)fst01204155"
          }
        ]
      }
    },
    {
      "655": {
        "ind1": "\\",
        "ind2": "7",
        "subfields": [
          {
            "a": "Biographies."
          },
          {
            "2": "fast"
          },
          {
            "0": "(OCoLC)fst01919896"
          }
        ]
      }
    },
    {
      "655": {
        "ind1": "\\",
        "ind2": "7",
        "subfields": [
          {
            "a": "Biographies."
          },
          {
            "2": "lcgft"
          }
        ]
      }
    },
    {
      "776": {
        "ind1": "0",
        "ind2": "\\",
        "subfields": [
          {
            "w": "(OCoLC)791626618"
          },
          {
            "w": "(NO-TrBIB)060722614"
          }
        ]
      }
    },
    {
      "856": {
        "ind1": "4",
        "ind2": "2",
        "subfields": [
          {
            "3": "Publisher description"
          },
          {
            "u": "http://catdir.loc.gov/catdir/enhancements/fy0603/84007168-d.html"
          }
        ]
      }
    },
    {
      "994": {
        "ind1": "\\",
        "ind2": "\\",
        "subfields": [
          {
            "a": "Z0"
          },
          {
            "b": "NYRVC"
          }
        ]
      }
    },
    {
      "948": {
        "ind1": "\\",
        "ind2": "\\",
        "subfields": [
          {
            "h": "NO HOLDINGS IN NYRVC - 720 OTHER HOLDINGS"
          }
        ]
      }
    },
    {
      "999": {
        "ind1": "\\",
        "ind2": "\\",
        "subfields": [
          {
            "a": "00000000015168"
          }
        ]
      }
    },
    {
      "999": {
        "ind1": "\\",
        "ind2": "\\",
        "subfields": [
          {
            "a": "No barcode (second copy)"
          }
        ]
      }
    }
  ]
}